<record><leader>00000cas a2200000 a 4500</leader><controlfield tag="001">13519348</controlfield><controlfield tag="008">860502d18791911iluwr ne      0    0eng c</controlfield><datafield ind1=" " ind2=" " tag="010"><subfield code="a">sn 86063841 </subfield></datafield><datafield ind1=" " ind2=" " tag="040"><subfield code="a">KSH</subfield><subfield code="b">eng</subfield><subfield code="c">KSH</subfield><subfield code="d">NPT</subfield><subfield code="d">NVF</subfield><subfield code="d">OCLCQ</subfield><subfield code="d">NVF</subfield><subfield code="d">OCLCF</subfield><subfield code="d">OCLCO</subfield></datafield><datafield ind1="1" ind2=" " tag="029"><subfield code="a">AU@</subfield><subfield code="b">000025816656</subfield></datafield><datafield ind1=" " ind2=" " tag="042"><subfield code="a">pcc</subfield></datafield><datafield ind1=" " ind2=" " tag="043"><subfield code="a">n-us-il</subfield></datafield><datafield ind1="0" ind2=" " tag="130"><subfield code="a">Carmi times (Carmi, Ill. : Weekly)</subfield></datafield><datafield ind1="1" ind2="0" tag="245"><subfield code="a">Carmi times.</subfield></datafield><datafield ind1=" " ind2=" " tag="260"><subfield code="a">Carmi, White Co., Ill. :</subfield><subfield code="b">Joy Bros.,</subfield><subfield code="c">1879-1911.</subfield></datafield><datafield ind1=" " ind2=" " tag="300"><subfield code="a">v. ;</subfield><subfield code="c">60 cm.</subfield></datafield><datafield ind1=" " ind2=" " tag="310"><subfield code="a">Weekly,</subfield><subfield code="b">&lt;Jan. 18-Apr. 26, 1911&gt;</subfield></datafield><datafield ind1=" " ind2=" " tag="321"><subfield code="a">Weekly,</subfield><subfield code="b">1879-May 25, 1910</subfield></datafield><datafield ind1=" " ind2=" " tag="321"><subfield code="a">Semiweekly,</subfield><subfield code="b">May 31, 1910-&lt;Jan. 6, 1911&gt;</subfield></datafield><datafield ind1="0" ind2=" " tag="362"><subfield code="a">Vol. 8, no. 1 (July 15, 1879)-</subfield></datafield><datafield ind1="1" ind2=" " tag="362"><subfield code="a">Ceased in Aug. 1911.</subfield></datafield><datafield ind1=" " ind2=" " tag="580"><subfield code="a">Merged with: White County tribune, to form: Carmi tribune-times.</subfield></datafield><datafield ind1=" " ind2="0" tag="651"><subfield code="a">Carmi (Ill.)</subfield><subfield code="v">Newspapers.</subfield></datafield><datafield ind1=" " ind2="7" tag="655"><subfield code="a">Newspapers.</subfield><subfield code="2">fast</subfield><subfield code="0">(OCoLC)fst01423814</subfield></datafield><datafield ind1=" " ind2="7" tag="651"><subfield code="a">Illinois</subfield><subfield code="z">Carmi.</subfield><subfield code="2">fast</subfield><subfield code="0">(OCoLC)fst01217648</subfield></datafield><datafield ind1=" " ind2=" " tag="752"><subfield code="a">United States</subfield><subfield code="b">Illinois</subfield><subfield code="c">White</subfield><subfield code="d">Carmi.</subfield></datafield><datafield ind1="0" ind2=" " tag="775"><subfield code="t">Carmi times (Carmi, Ill. : Daily)</subfield><subfield code="w">(DLC)sn 92053897</subfield><subfield code="w">(OCoLC)26048507</subfield></datafield><datafield ind1="0" ind2="0" tag="780"><subfield code="t">Carmi weekly times</subfield><subfield code="w">(DLC)sn 85033434</subfield><subfield code="w">(OCoLC)11962178</subfield></datafield><datafield ind1="1" ind2="7" tag="785"><subfield code="t">White County tribune</subfield><subfield code="w">(DLC)sn 92053898</subfield><subfield code="w">(OCoLC)26048541</subfield></datafield><datafield ind1="1" ind2="7" tag="785"><subfield code="t">Carmi tribune-times</subfield><subfield code="w">(DLC)sn 92053899</subfield><subfield code="w">(OCoLC)26048605</subfield></datafield></record>